<record><leader>00000cas a22000007a 4500</leader><controlfield tag="001">16704884</controlfield><controlfield tag="008">870917d19221928iauir ne      0    0eng d</controlfield><datafield ind1=" " ind2=" " tag="010"><subfield code="a">sn 87058524 </subfield></datafield><datafield ind1=" " ind2=" " tag="040"><subfield code="a">INP</subfield><subfield code="b">eng</subfield><subfield code="c">INP</subfield><subfield code="d">OCLCQ</subfield></datafield><datafield ind1=" " ind2=" " tag="042"><subfield code="a">msc</subfield></datafield><datafield ind1="0" ind2="0" tag="245"><subfield code="a">Cherokee evening times.</subfield></datafield><datafield ind1="1" ind2="7" tag="246"><subfield code="a">Cherokee times</subfield></datafield><datafield ind1=" " ind2=" " tag="260"><subfield code="a">Cherokee, Iowa :</subfield><subfield code="b">C. &amp; J. Barry,</subfield><subfield code="c">1922-1928.</subfield></datafield><datafield ind1=" " ind2=" " tag="300"><subfield code="a">v.</subfield></datafield><datafield ind1=" " ind2=" " tag="310"><subfield code="a">Triweekly</subfield></datafield><datafield ind1="0" ind2=" " tag="362"><subfield code="a">Vol. 53, no. 44 (Jan. 20, 1922)-Aug. 29-31, &lt;1928&gt;.</subfield></datafield><datafield ind1=" " ind2=" " tag="752"><subfield code="a">United States</subfield><subfield code="b">Iowa</subfield><subfield code="c">Cherokee</subfield><subfield code="d">Cherokee.</subfield></datafield><datafield ind1="0" ind2="0" tag="780"><subfield code="t">Cherokee times (Cherokee, Iowa : 1904)</subfield><subfield code="w">(DLC)sn 83025154</subfield></datafield><datafield ind1="0" ind2="0" tag="785"><subfield code="t">Cherokee daily times (Cherokee, Iowa : 1928)</subfield><subfield code="w">(DLC)sn 88059477</subfield></datafield></record>